<record><leader>00000cas a2200000 a 4500</leader><controlfield tag="001">12352055</controlfield><controlfield tag="008">850806d18861890ksuwr ne      0    0eng d</controlfield><datafield ind1=" " ind2=" " tag="010"><subfield code="a">sn 85031945 </subfield></datafield><datafield ind1=" " ind2=" " tag="040"><subfield code="a">KSH</subfield><subfield code="b">eng</subfield><subfield code="c">KSH</subfield><subfield code="d">NPT</subfield><subfield code="d">OCL</subfield><subfield code="d">OCLCQ</subfield></datafield><datafield ind1=" " ind2=" " tag="042"><subfield code="a">msc</subfield></datafield><datafield ind1="0" ind2="4" tag="245"><subfield code="a">The Edmond times.</subfield></datafield><datafield ind1=" " ind2=" " tag="260"><subfield code="a">Edmond, Kan. :</subfield><subfield code="b">Times Print. Co.,</subfield><subfield code="c">1886-1890.</subfield></datafield><datafield ind1=" " ind2=" " tag="300"><subfield code="a">5 v. :</subfield><subfield code="b">ill. ;</subfield><subfield code="c">54 cm.</subfield></datafield><datafield ind1=" " ind2=" " tag="310"><subfield code="a">Weekly</subfield></datafield><datafield ind1="0" ind2=" " tag="362"><subfield code="a">Vol. 1, no. 24 (Aug. 6, 1886)-v. 5, no. 30 (Sept. 12, 1890).</subfield></datafield><datafield ind1=" " ind2=" " tag="752"><subfield code="a">United States</subfield><subfield code="b">Kansas</subfield><subfield code="c">Norton</subfield><subfield code="d">Edmond.</subfield></datafield><datafield ind1="0" ind2="0" tag="780"><subfield code="t">Norton County badger</subfield><subfield code="w">(DLC)sn 85031946</subfield></datafield></record>